<record><leader>00000cas a2200000 a 4500</leader><controlfield tag="001">28310692</controlfield><controlfield tag="008">930622d19331935cauwr ne      0    0eng c</controlfield><datafield ind1=" " ind2=" " tag="010"><subfield code="a">sn 93053318 </subfield></datafield><datafield ind1=" " ind2=" " tag="040"><subfield code="a">CNK</subfield><subfield code="b">eng</subfield><subfield code="c">CNK</subfield><subfield code="d">OCLCQ</subfield><subfield code="d">CNK</subfield><subfield code="d">OCLCQ</subfield><subfield code="d">OCLCF</subfield><subfield code="d">OCLCO</subfield></datafield><datafield ind1="1" ind2=" " tag="029"><subfield code="a">AU@</subfield><subfield code="b">000025905899</subfield></datafield><datafield ind1=" " ind2=" " tag="042"><subfield code="a">pcc</subfield></datafield><datafield ind1=" " ind2=" " tag="043"><subfield code="a">n-us-ca</subfield></datafield><datafield ind1="0" ind2="4" tag="245"><subfield code="a">The Tehachapi news and the Mojave-Randsburg record-times.</subfield></datafield><datafield ind1="3" ind2="0" tag="246"><subfield code="a">Tehachapi news and the Mojave record</subfield></datafield><datafield ind1=" " ind2=" " tag="260"><subfield code="a">Tehachapi, Kern County, Calif. :</subfield><subfield code="b">Burris Publications</subfield></datafield><datafield ind1=" " ind2=" " tag="300"><subfield code="a">v.</subfield></datafield><datafield ind1=" " ind2=" " tag="310"><subfield code="a">Weekly</subfield></datafield><datafield ind1="0" ind2=" " tag="362"><subfield code="a">Vol. 43, no. 14 (Jan. 6, 1933)-v. 45, no. 52 (Oct. 4, 1935).</subfield></datafield><datafield ind1=" " ind2=" " tag="500"><subfield code="a">Published as: The Tehachapi news and the Mojave record, Aug. 2-Oct. 4, 1935, after Randsburg times (Randsburg, Calif. : 1935)--again became separate title.</subfield></datafield><datafield ind1=" " ind2=" " tag="530"><subfield code="a">Master negatives are available for duplication from:</subfield><subfield code="b">California Newspaper Microfilm Archive;</subfield><subfield code="c">positive copies may be purchased by the reel; for further information consult the CNMA at:</subfield><subfield code="u">http://cbsr.ucr.edu</subfield></datafield><datafield ind1=" " ind2="0" tag="651"><subfield code="a">Kern County (Calif.)</subfield><subfield code="v">Newspapers.</subfield></datafield><datafield ind1=" " ind2="7" tag="655"><subfield code="a">Newspapers.</subfield><subfield code="2">fast</subfield><subfield code="0">(OCoLC)fst01423814</subfield></datafield><datafield ind1=" " ind2="7" tag="651"><subfield code="a">California</subfield><subfield code="z">Kern County.</subfield><subfield code="2">fast</subfield><subfield code="0">(OCoLC)fst01204038</subfield></datafield><datafield ind1=" " ind2=" " tag="752"><subfield code="a">United States</subfield><subfield code="b">California</subfield><subfield code="c">Kern</subfield><subfield code="d">Tehachapi.</subfield></datafield><datafield ind1="0" ind2="4" tag="780"><subfield code="t">Tehachapi news (Tehachapi, Calif. : 1919)</subfield><subfield code="w">(DLC)sn 93053322</subfield></datafield><datafield ind1="0" ind2="4" tag="780"><subfield code="t">Mojave-Randsburg record-times</subfield><subfield code="w">(DLC)sn 93053317</subfield></datafield><datafield ind1="0" ind2="1" tag="785"><subfield code="t">Randsburg times (Randsburg, Calif. : 1935)</subfield><subfield code="w">(DLC)sn 92069557</subfield></datafield><datafield ind1="0" ind2="0" tag="785"><subfield code="t">Tehachapi news (Tehachapi, Calif. : 1935)</subfield><subfield code="w">(DLC)sn 93053321</subfield></datafield></record>